%% This BibTeX bibliography file was created using BibDesk.
%% http://bibdesk.sourceforge.net/


%% Created for Adrián Riesco at 2015-05-08 16:48:58 +0200 


%% Saved with string encoding Unicode (UTF-8) 



@misc{pimcdDuoCode14,
	Author = {Adri\'an Riesco (coordinador)},
	Date-Added = {2015-05-08 14:07:26 +0000},
	Date-Modified = {2015-05-08 14:48:58 +0000},
	Howpublished = {Informe del PIMCD 97/2014},
	Institution = {Departamento de Sistemas Inform\'aticos y Computaci\'on, Facultad de Inform\'atica de la Universidad Complutense de Madrid},
	Title = {Estudio de viabilidad de un entorno de aprendizaje colaborativo de lenguajes de programaci\'on},
	Year = {2015}}

@book{ejerciciosEDAT,
	Author = {Narciso Mart\'i Oliet and Yolanda Ortega Mall\'en and Alberto Verdejo L\'opez},
	Date-Modified = {2015-03-23 16:16:12 +0000},
	Publisher = {Prentice {H}all},
	Series = {Prentice {P}ractica},
	Title = {Estructuras de datos y m\'etodos algor\'itmicos},
	Year = {2004}}
	
@misc{FP,
	Institution = {Facultad de Informática - Universidad Complutense de Madrid},
	Title = "Fundamentos de la Programación"
}

@misc{TP,
	Institution = {Facultad de Informática - Universidad Complutense de Madrid},
	Title = "Tecnologías de la Programación"
}

@misc{SC,
	Institution = {Facultad de Informática - Universidad Complutense de Madrid},
	Title = "Software Corporativo"
}

@misc{AW,
	Institution = {Facultad de Informática - Universidad Complutense de Madrid},
	Title = "Aplicaciones Web"
}

@misc{BD,
	Institution = {Facultad de Informática - Universidad Complutense de Madrid},
	Title = "Bases de Datos"
}


@misc{ABD,
	Institution = {Facultad de Informática - Universidad Complutense de Madrid},
	Title = "Ampliación de Base de Datos"
}

@misc{PAD,
	Institution = {Facultad de Informática - Universidad Complutense de Madrid},
	Title = "Programación de Aplicaciones para Dispositivos Móviles"
}

@misc{wiki,
	Title = "Wikipedia",
	howpublished = "\url{https://es.wikipedia.org}",
}

@misc{moodle,
	Title = "Moodle",
	howpublished = "\url{https://moodle.org/}",
}

@misc{duolingo,
	Title = "Duolingo",
	howpublished = "\url{https://es.duolingo.com/}",
}

@misc{bussu,
	Title = "Bussu",
	howpublished = "\url{https://www.busuu.com/es/}",
}

@misc{stack,
	Title = "Stack Overflow",
	howpublished = "\url{http://stackoverflow.com/}",
}